@article{niguohua,
	title={中国肥胖流行的现状与趋势},
	author={倪国华 and 张璟 and 郑风田},
	journal={中国食物与营养},
	volume={19},
	number={10},
	pages={70--74},
	year={2013}
}
@article{henry2005basal,
	title={Basal metabolic rate studies in humans: measurement and development of new equations},
	author={Henry, CJK},
	journal={Public health nutrition},
	volume={8},
	number={7a},
	pages={1133--1152},
	year={2005},
	publisher={Cambridge University Press}
}