@article{filin2021multi,
	title={Multi-Agent Simulation of Iceberg Mass Loss during Its Energy-Efficient Towing for Freshwater Supply},
	author={Filin, Sergiy and Semenov, Iouri and Filina-Dawidowicz, Ludmi{\l}a},
	journal={Energies},
	volume={14},
	number={13},
	pages={4031},
	year={2021},
	publisher={MDPI}
}